<?xml version="1.0" encoding="UTF-8"?><collection xmlns="http://www.loc.gov/MARC21/slim"><record><leader>00391nam--2200133-i-4500</leader><controlfield tag="001">000006587</controlfield><controlfield tag="002">20161230</controlfield><controlfield tag="005">20161230201026</controlfield><controlfield tag="008">060222s1000------------r-----000-0-eng-d</controlfield><datafield ind1=" " ind2=" " tag="080"><subfield code="a">518.831:538.5:621.3</subfield></datafield><datafield ind1=" " ind2=" " tag="100"><subfield code="a">Antoniu, I.S</subfield></datafield><datafield ind1=" " ind2=" " tag="245"><subfield code="a">Introducere in aplicarea calculului matricial la studiul circuitelor electrice</subfield></datafield><datafield ind1=" " ind2=" " tag="260"><subfield code="a">Bucuresti, Editura Academiei Rpr, 1953 252 P</subfield></datafield><datafield ind1=" " ind2=" " tag="852"><subfield code="a">3211</subfield></datafield></record></collection>